<?xml version="1.0" encoding="UTF-8"?><record xmlns="http://www.loc.gov/MARC21/slim" xmlns:cinclude="http://apache.org/cocoon/include/1.0" xmlns:zs="http://www.loc.gov/zing/srw/">
  <leader>00414nz  a2200133n  4500</leader>
  <controlfield tag="001">no2008021879</controlfield>
  <controlfield tag="003">DLC</controlfield>
  <controlfield tag="005">20080215113945.0</controlfield>
  <controlfield tag="008">080209n| acannaabn          |n aaa     c</controlfield>
  <datafield tag="010" ind1=" " ind2=" ">
    <subfield code="a">no2008021879</subfield>
  </datafield>
  <datafield tag="035" ind1=" " ind2=" ">
    <subfield code="a">(OCoLC)oca07654596</subfield>
  </datafield>
  <datafield tag="040" ind1=" " ind2=" ">
    <subfield code="a">NAnB-G</subfield>
    <subfield code="b">eng</subfield>
    <subfield code="c">NAnB-G</subfield>
  </datafield>
  <datafield tag="100" ind1="1" ind2=" ">
    <subfield code="a">Depuoz, Christian</subfield>
  </datafield>
  <datafield tag="670" ind1=" " ind2=" ">
    <subfield code="a">Spielzeugen, 2006:</subfield>
    <subfield code="b">p. 5 (Christian Depuoz) jkt. (lawyer; toy collector; founded a toy museum in ZuĚrich in 1987)</subfield>
  </datafield>
</record>